% Encoding: UTF-8

@Online{wiki_ACO,
  author = {unkown},
  date   = {2021-02-28},
  title  = {Ant colony optimization algorithms - Wikipedia},
  url    = {https://en.wikipedia.org/wiki/Ant_colony_optimization_algorithms},
}

@Article{tuD_ACO,
  author = {Daniel Blum},
  date   = {6. Mai 2003},
  title  = {Ant Colony Optimization (ACO)},
  url    = {https://ls11-www.cs.tu-dortmund.de/lehre/SoSe03/PG431/Ausarbeitungen/ACO.pdf},
}

@Online{baeldung_ACO,
  author = {baeldung},
  date   = {2021-02-21},
  title  = {Ant Colony Optimization | Baeldung},
  url    = {https://www.baeldung.com/java-ant-colony-optimization},
}

@Online{uf_graphs,
  author = {Matthias Teschner},
  date   = {2021-02-25},
  title  = {Algorithmen und DatenstrukturenGraphen - Einf√ºhrung},
  url    = {https://cg.informatik.uni-freiburg.de/course_notes/info2_15_graph.pdf},
}

@article{dorigo2007ant,
  title={Ant colony optimization},
  author={Dorigo, Marco},
  journal={Scholarpedia},
  volume={2},
  number={3},
  pages={1461},
  year={2007}
}

@inproceedings{colorni1991distributed,
  title={Distributed optimization by ant colonies},
  author={Colorni, Alberto and Dorigo, Marco and Maniezzo, Vittorio and others},
  booktitle={Proceedings of the first European conference on artificial life},
  volume={142},
  pages={134--142},
  year={1991},
  organization={Paris, France}
}

@Online{wiki_TSP,
  author = {unkown},
  date   = {2021-02-27},
  title  = {Travelling salesman problem - Wikipedia},
  url    = {https://en.wikipedia.org/wiki/Travelling_salesman_problem},
}

@Online{aco-sim,
  author = {thiagodnf},
  date   = {2021-02-28},
  title  = {ACO Simulator},
  url    = {http://thiagodnf.github.io/aco-simulator/#},
}

@Online{duden_algo,
  author = {Duden},
  date   = {2021-03-03},
  title  = {Duden | Algorithmus | Rechtschreibung, Bedeutung, Definition, Herkunft},
  url    = {https://www.duden.de/rechtschreibung/Algorithmus},
}

@Comment{jabref-meta: databaseType:biblatex;}

@Comment{jabref-meta: fileDirectoryLatex-Adria-KUSO03:D:\\Facharbeit\\Antfind\\Facharbeit_AOC\\Texts;}
